% This is a sample BibTeX bibliography file,
%  showing articles, theses, proceedings, books
%  and collections being cited

@TechReport{bigdatacentre,
  author = "R. Miller",
  title = "How Big is the Data Center Construction Market?",
  institution = "Microsoft",
  year = "2011",
  note = "Available online at \url{http://www.datacenterknowledge.com/archives/2011/03/16/how-big-is-the-data-center-construction-market/} (accessed 13 May 2014)."
}
@TechReport{EPAreport,
  author = "E.P.Agency",
  title = "EPA Report on Server and Data Center Energy Efficiency",
  institution = "Energy Star",
  year = "2007",
  note = "Available online at \url{http://www.energystar.gov/index.cfm?c=prod_development.server_efficiency_study} (accessed 13 May 2014)."
}
@TechReport{Energygov,
  author = "Energy.gov",
  title = "Data Center Energy Consumption Trends",
  note = "Available online at \url{http://energy.gov/eere/femp/data-center-energy-consumption-trends} (accessed 13 May 2014)."
}
@TechReport{globalactionplan,
  author = "Global ACtion Plan",
  title = "An Inefficient Truth",
  year = "2007",
  note = "Available online at \url{http://www.techworld.com/cmsdata/whitepapers/5695/exec_summary.pdf} (accessed 13 May 2014)."
}
@TechReport{GeSI,
  author = "GeSI",
  title = "SMART2020: Enabling the Low-carbon Economy in the Information Age",
  year = "2008"
  note = "Available online at \url{http://gesi.org/article/43} (accessed 13 May 2014)."
}
@article{chanandopp,
  author = "T. Mudge and U. Hölzle",
  title = "Challenges and Opportunities for Extremely Energy-efficient Processors",
  journal = "IEEE micro",
  type = "article",
  pages = "20-24",
  volume = "30",
  number = "4",
  year = "2010",
}
@article{lookbackandfor,
  author = "H. Esmaeilzadeh and T. Cao and X. Yang and S.M. Blackburn and K.S. McKinley",
  title = "Looking Bback and Looking Forward: Power, Performance, and Upheaval",
  journal = "Communications of the ACM",
  type = "article",
  pages = "105-114",
  volume = "55",
  number = "7",
  year = "2012",
}
@article{towardsenergyeff,
  author = "D. Brown and C. Reams",
  title = "Toward Energy-efficient Computing",
  journal = "Communications of the ACM",
  type = "article",
  pages = "50-58",
  volume = "53",
  number = "3",
  year = "2010",
}
@article{thecaseforepc,
  author = "L.A. Barroso and U. Hölzle",
  title = "The Case for Energy-proportional Computing",
  journal = "IEEE computer",
  type = "article",
  pages = "33-37",
  volume = "40",
  number = "12",
  year = "2007",
}
@article{energy-aware,
  author = "G. Chen and W. He and J. Liu and S. Nath and L. Rigas and L. Xiao and F. Zhao",
  title = "Energy-Aware Server Provisioning and Load Dispatching for Connection-Intensive Internet Services",
  journal = "In NSDI",
  type = "article",
  pages = "337-350",
  volume = "8",
  year = "2008",
}
@article{autodatacentre,
  author = "P. Bodik",
  title = "Automating Datacenter Operations Using Machine Learning",
  journal = "EECS Department, University of California, Berkeley",
  year = "2010",
}
@article{energy-effcloud,
  author = "A. Berl and E. Gelenbe and M. Di Girolamo and G. Giuliani and H. De Meer and M.Q. Dang and K. Pentikousis",
  title = "Energy-efficient Cloud Computing",
  journal = "The Computer Journal",
  type = "article",
  pages = "1051-1045",
  volume = "53",
  number = "7"
  year = "2010",
}
@article{aview,
  author = "K. Asanovic and R. Bodik and J. Demmel and T. Keaveny and J. Kubiatowicz and N. Morgan and D. Patterson and K. Sen and J. Wawrzynek and D. Wessel and K. Yelick",
  title = "A View of the Parallel Computing Landscape",
  journal = "Communications of the ACM",
  type = "article",
  pages = "56-67",
  volume = "52",
  number = "10"
  year = "2009",
}
@article{wangf,
  author = "Z. Wang and G. Tournavitis and B. Franke and M. O'Boyle",
  title = "Integrating Profile-driven Parallelism Detection and Machine-learning Based Mapping",
  journal = "ACM Transaction on Architecture and Code Optimization",
  year = "2014",
}
@article{wangs,
  author = "Z. Wang and M. O'Boyle",
  title = "Using Machine Mearning to Partition Streaming Programs",
  journal = "Transaction on Architecture and Code Optimization",
  type = "article",
  volume = "10",
  number = "3"
  year = "2013",
}
@article{ma,
  author = "K.P. Murphy",
  title = "Machine Learning:A Probabilistic Perspective",
  journal = "MIT Press",
  type = "article",
  year = "2012",
}
@inproceedings{game,
  author = "I. Ahmad and S. Ranka",
  title = "Using Game Theory for Scheduling Tasks on Multi-core Processors for Simultaneous Optimization of Performance and Energy",
  booktitle = "IPDPS 2008",
  year = "2008",
}
@TechReport{ukgov,
  author = "The Parliamentary Office of Science and Technology",
  title = "ICT AND CO2 EMISSIONS",
  institution = "UK Gov.",
  year = "2008",
  note = "Available online at \url{http://www.parliament.uk/documents/post/postpn319.pdf} (accessed 13 May 2014)."
}
@TechReport{ARM,
  author = "The Parliamentary Office of Science and Technology",
  institution = "Business Weekly",
  year = "2011",
}
@TechReport{IBM,
  title = "Product Energy Efficiency",
  autor = "IBM",
}
@TechReport{Intel,
  author = "Intel",
  title = "Energy Efficiency at Every IT Level",
}
@article{seventy,
  author = "J.G. Koomey",
  title = "Estimating Total Power Consumption by Servers in the U.S. and the World",
  year = "2007",
  journal = "Standford University"
}
@inproceedings{Wang-pact,
 author = "Z. Wang and M. O'Boyle",
 title = "Partitioning Streaming Parallelism for Multi-cores: A Machine Learning Based Approach",
 booktitle = "PACT '10",
 year=2010,
}
@inproceedings{Stephenson:2003,
 author = "M. Stephenson and S. Amarasinghe and M. Martin and U. O'Reilly",
 title = "Meta Optimization: Improving Compiler Heuristics with Machine Learning",
 booktitle = "PLDI '03",
 year=2003,
}
@inproceedings{Raman:2012,
 author = "A. Raman and A. Zaks and J.W. Lee and D.I. August"
 title = "Parcae: A System for Flexible Parallel Execution",
 booktitle = "PLDI '12",
}
@INPROCEEDINGS{5375318,
author="C.K. Luk and S. Hong and H. Kim",
booktitle="MICRO '09",
title="Qilin: Exploiting Parallelism on Heterogeneous Multiprocessors with Adaptive Mapping",
}
@inproceedings{cc11grewe,
author = "D. Grewe and Z. Wang and M. O'Boyle",
title = "Portable Mapping of Data Parallel Programs to OpenCL for Heterogeneous Systems",
booktitle = "CGO '13",
year = "2013",
}
@inproceedings{zheng-cgo,
 author = "M.K. Emani and Z. Wang and M. O'Boyle",
 title = "Smart, Adaptive Mapping of Parallelism in the Presence of External Workload",
 booktitle = "CGO '13",
}
@inproceedings{Cong:2012,
 author = "J. Cong and B. Yuan",
 title = "Energy-efficient Scheduling on Heterogeneous Multi-core Architectures",
 booktitle = "ISLPED '12",
}
@inproceedings{Agarwal:2012:RDC:2228298.2228327,
 author = "S. Agarwal and S. Kandula and N. Bruno and M. Wu, I. Stoica and J. Zhou",
 title = "Re-optimizing Data-parallel Computing",
 booktitle = "NSDI '12",
}
@article{realtimeschedulea,
  author = " K. Lakshmanan and S. Kato and R. Rajkumar",
  title = "Scheduling Parallel Real-Time Tasks on Multi-core Processors",
  journal = "RTSS 2010 IEEE 31st",
  pages = "259-268",
  year = "2010",
}
@article{realtimescheduleb,
  author = "A. Saifullah and J. Li and K. Agrawal and C. Lu, and C. Gill",
  title = "Multi-core Real-time Scheduling for Generalized Prallel Task Models",
  journal = "Real-Time Syst",
  volume = "49",
  pages = "404-435",
  year = "2013",
}
@article{memaw,
  author = "F. Pinel and J. E. Pecero and P. Bouvry and S. U. Khan",
  title = "Memory-aware Green Scheduling on Muti-core Processors",
  journal = " International Conference on Parallel Processing Workshops",
  pages = "485-488",
  year = "2010",
}
@article{powergrid,
  author = "R.N. Andersson and A. Boulanger and W.B. Powell and W. Scott",
  title = "Adaptive Stochastic Control for the Smart Grid",
  journal = "Proceeding of the IEEE",
  volume = "99",
  number = "6",'
  pages = "1098-1115",
  year = "2011",
}
@article{distributedsensors,
  author = "J. L. Williams and J.W. Fisher and A.S. Willsky",
  title = "Approximate Dynamic Programming for Communication-Constrained Sensors Network Management",
  journal = "IEEE Transactions on Signal Processing",
  volume = "55",
  number = "8",
  pages = "4300-4311",
  year = "2007",
}
@INPROCEEDINGS{5375327,
author="C. Dubach and T.M. Jones and E.V. Bonilla and G. Fursin and M. O'Boyle",
booktitle="MICRO '09",
title="Portable compiler optimisation across embedded programs and microarchitectures using machine learning",
}
@ARTICLE{4550857,
author="F.A. Bower, and D.J. Sorin and L.P. Cox",
journal="IEEE Micro",
title="The Impact of Dynamically Heterogeneous Multicore Processors on Thread Scheduling",
year="2008",
}
@TechReport{JRVM,
  author = "The Jlikes RVM Project",
  title = "Jikes RVM",
  note = "Available online at \url{http://jikesrvm.org/}"
}
@article{multicore,
  author="A. Saifullah and J. Li and K. Agrawal and C. Lu and C. Gill",
  journal="Real-Time Syst",
  title="Multi-core Real-time Scheduling for Generalized Parallel Task Models",
  pages = "404-435",
  year="2013",
}
@TechReport{epl,
  author = "Oracle",
  title = "Overview of the Event Processing Language",
  note = "Available online at \url{http://docs.oracle.com/cd/E13157_01/wlevs/docs30/epl_guide/overview.html}."
}
@TechReport{opencl,
  author = "Khronos Group",
  title = "The Open Standard for Parallel Programming of Heterogeneous Systems",
  note = "Available online at \url{https://www.khronos.org/opencl/}."
}
@article{tradeoff,
  author="D. Markovic and V. Stojanovic and B. Nikolic and M.A. Horowitz and R.W. Brodersen",
  journal="IEEE Journal of Solid-State Circuits",
  title="Methods for True Energy-performance Optimization",
  pages = "1282-1293",
  volume = "39",
  number = "8"
  year="2004",
}
