@inproceedings{Vandierendonck:2011:USR:2120965.2121479,
  author = {Vandierendonck, Hans and Tzenakis, George and Nikolopoulos, Dimitrios S.},
  title = {A Unified Scheduler for Recursive and Task Dataflow Parallelism},
  booktitle = {PACT '11},
}

@inproceedings{Manousakis:SBACPAD12,
	author={Ioannis Manousakis and Dimitrios~S.  Nikolopoulos},
	title={BTL: A Framework for Measuring and Modeling Energy in Memory Hierarchies},
	booktitle={SBAC-PAD '12},
}

@incollection{Meenderinck:2009:CHP:1533439.1533465,
 author = {Meenderinck, Cor and Juurlink, Ben},
 chapter = {(When) Will CMPs Hit the Power Wall?},
 title = {Euro-Par 2008 Workshops - Parallel Processing},
 editor = {C{\'e}sar, Eduardo and Alexander, Michael and Streit, Achim and Tr\"{a}ff, Jesper Larsson and C{\'e}rin, Christophe and Kn\"{u}pfer, Andreas and Kranzlm\"{u}ller, Dieter and Jha, Shantenu},
 year = {2009},
}

@article{Asanovic:2009:VPC:1562764.1562783,
 author = {Asanovic, Krste and Bodik, Rastislav and Demmel, James and Keaveny, Tony and Keutzer, Kurt and Kubiatowicz, John and Morgan, Nelson and Patterson, David and Sen, Koushik and Wawrzynek, John and Wessel, David and Yelick, Katherine},
 title = {A view of the parallel computing landscape},
 journal = {Commun. ACM},
 volume = {52},
 issue = {10},
 year = {2009},
}

@inproceedings{Esmaeilzadeh:2011:DSE:2000064.2000108,
 author-long = {Esmaeilzadeh, Hadi and Blem, Emily and St. Amant, Renee and Sankaralingam, Karthikeyan and Burger, Doug},
 author = {Esmaeilzadeh, Hadi and Blem, Emily and others},
 title = {Dark silicon and the end of multicore scaling},
 booktitle = {ISCA '11},
 }

@inproceedings{Min:2012:IEE:2212908.2212928,
 author = {Min, Alexander W. and Wang, Ren and Tsai, James and Ergin, Mesut A. and Tai, Tsung-Yuan Charlie},
 title = {Improving energy efficiency for mobile platforms by exploiting low-power sleep states},
 booktitle = {CF '12},
 }


@inproceedings{Meisner:2011:PMO:2000064.2000103,
 author = {Meisner, David and Sadler, Christopher M. and Barroso, Luiz Andr{\'e} and Weber, Wolf-Dietrich and Wenisch, Thomas F.},
 title = {Power management of online data-intensive services},
 booktitle = {ISCA '11},
}

@article{Esmaeilzadeh:2012:LBL:2209249.2209272,
 author-long = {Esmaeilzadeh, Hadi and Cao, Ting and Yang, Xi and Blackburn, Stephen M. and McKinley, Kathryn S.},
 author = {Esmaeilzadeh, Hadi and Cao, Ting and Yang, Xi and others},
 title = {Looking back and looking forward: Power, performance, and upheaval},
 journal = {Commun. ACM},
 volume = {55},
 number = {7},
 year = {2012},
}

@techreport{Nohl12,
 author = {Achim Nohl and Alan Gibbons},
 title = {Virtual Prototyping for Energy Efficient Mobile Platform Design: A Software Perspective},
 note = {White Paper},
 institution={Synopsys},
 month=jun,
 year=2012}

@inproceedings{Pathak:2012:ESI:2168836.2168841,
 author = {Pathak, Abhinav and Hu, Y. Charlie and Zhang, Ming},
 title = {Where is the energy spent inside my app?: Fine grained energy accounting on smartphones with Eprof},
 booktitle = {CC '12},
 year = {2012},
}

@article{Abbasi:2012:TSW:2207222.2207227,
 author = {Abbasi, Zahra and Varsamopoulos, Georgios and Gupta, Sandeep K. S.},
 title = {TACOMA: Server and workload management in internet data centers considering cooling-computing power trade-off and energy proportionality},
 journal = {ACM TACO},
 month = jun,
 year = {2012},
}

@article{tpds12,
	author-long={Dong Li and Bronis~R. De Supinski and Martin Schulz and Dimitrios~S. Nikolopoulos and Kirk~W. Cameron},
    author={Dong Li and Bronis~R. De Supinski and Dimitrios~S. Nikolopoulos and others},
        title={Strategies for Energy Efficient Resource Management of Hybrid Programming Models},
	journal={IEEE TPDS},
	year={2012}}

@article{DBLP:journals/tpds/Curtis-MauryBAN08,
  author    = {Matthew Curtis-Maury and
               Filip Blagojevic and
               Christos D. Antonopoulos and
               Dimitrios S. Nikolopoulos},
  title     = {Prediction-Based Power-Performance Adaptation of Multithreaded
               Scientific Codes},
  journal   = {IEEE TPDS},
  year      = {2008},
}

@inproceedings{Curtis-Maury:2008:PMM:1454115.1454151,
 author-long = {Curtis-Maury, Matthew and Shah, Ankur and Blagojevic, Filip and Nikolopoulos, Dimitrios S. and de Supinski, Bronis R. and Schulz, Martin},
 author = {Curtis-Maury, Matthew and Nikolopoulos, Dimitrios S. and others},
 title = {Prediction models for multi-dimensional power-performance optimization on many cores},
 booktitle = {PACT '08},
}

@article{Williams:2009:RIV:1498765.1498785,
 author = {Williams, Samuel and Waterman, Andrew and Patterson, David},
 title = {Roofline: an insightful visual performance model for multicore architectures},
 journal = {Commun. ACM},
 issue_date = {April 2009},
 volume = {52},
 number = {4},
 year = {2009},
}

@article{DBLP:journals/tpds/GeFSCLC10,
  author-long    = {Rong Ge and
               Xizhou Feng and
               Shuaiwen Song and
               Hung-Ching Chang and
               Dong Li and
               Kirk W. Cameron},
  author    = {Rong Ge and
               Xizhou Feng and
               others},
  title     = {PowerPack: Energy Profiling and Analysis of High-Performance
               Systems and Applications},
  journal   = {IEEE TPDS},
  volume    = {21},
  number    = {5},
  year      = {2010},
}

@article{tpds13,
	author={Dong Li and Bronis~R. De Supinski and Martin Schulz and Dimitrios~S. Nikolopoulos and Kirk~W. Cameron},
        title={Strategies for Energy Efficient Resource Management of Hybrid Programming Models},
	journal={IEEE TPDS},
	volume=24,
	month=jan,
	year={2013}}

@inproceedings{Fang:2006:PRD:2182103.2182109,
 author = {Fang, Changpeng and Carr, Steve and \"{O}nder, Soner and Wang, Zhenlin},
 title = {Path-Based reuse distance analysis},
 booktitle = {CC '06},
 year = {2006},
}
	
@inproceedings{David:2010:RMP:1840845.1840883,
 author = {David, Howard and Gorbatov, Eugene and Hanebutte, Ulf R. and Khanna, Rahul and Le, Christian},
 title = {RAPL: memory power estimation and capping},
 booktitle = {ISLPED '10},
}

@inproceedings{Liu:2011:PDL:2190025.2190064,
 author = {Liu, Xu and Mellor-Crummey, John},
 title = {Pinpointing data locality problems using data-centric analysis},
booktitle = {CGO '11},
}


@article{Keckler:2011:GFP:2068456.2068522,
 author = {Keckler, Stephen W. and Dally, William J. and Khailany, Brucek and Garland, Michael and Glasco, David},
 title = {GPUs and the Future of Parallel Computing},
 journal = {IEEE Micro},
 issue_date = {September 2011},
 volume = {31},
 number = {5},
 month = sep,
 year = {2011},
}

@inproceedings{Spiliopoulos:2012:PTI:2376360.2376632,
 author = {Spiliopoulos, Vasileios and Sembrant, Andreas and Kaxiras, Stefanos},
 title = {Power-Sleuth: A Tool for Investigating Your Program's Power Behavior},
 booktitle = {MASCOTS '12},
}

@inproceedings{adagio,
  author    = {Barry Rountree and
               David K. Lowenthal and
               Bronis R. de~Supinski and
               Martin Schulz and
               Vincent W. Freeh and
               Tyler K. Bletsch},
  title     = {Adagio: Making DVS Practical for Complex HPC Applications},
  booktitle = {ICS},
  year      = {2009},
  pages     = {460-469},
  ee        = {http://doi.acm.org/10.1145/1542275.1542340},
  crossref  = {DBLP:conf/ics/2009},
  bibsource = {DBLP, http://dblp.uni-trier.de}
}

@proceedings{DBLP:conf/ics/2009,
  editor    = {Michael Gschwind and
               Alexandru Nicolau and
               Valentina Salapura and
               Jos{\'e} E. Moreira},
  title     = {Proceedings of the 23rd International Conference on Supercomputing,
               2009, Yorktown Heights, NY, USA, June 8-12, 2009},
  booktitle = {ICS},
  publisher = {ACM},
  year      = {2009},
  isbn      = {978-1-60558-498-0},
  bibsource = {DBLP, http://dblp.uni-trier.de}
}

@inproceedings{mpi_ebound,
  author    = {Barry Rountree and
               David K. Lowenthal and
               Shelby Funk and
               Vincent W. Freeh and
               Bronis R. de~Supinski and
               Martin Schulz},
  title     = {Bounding Energy Consumption in Large-Scale MPI Programs},
  booktitle = {SC},
  year      = {2007},
  pages     = {49},
  ee        = {http://doi.acm.org/10.1145/1362622.1362688},
  crossref  = {DBLP:conf/sc/2007},
  bibsource = {DBLP, http://dblp.uni-trier.de}
}

@proceedings{DBLP:conf/sc/2007,
  editor    = {Becky Verastegui},
  title     = {Proceedings of the ACM/IEEE Conference on High Performance
               Networking and Computing, SC 2007, November 10-16, 2007,
               Reno, Nevada, USA},
  booktitle = {SC},
  publisher = {ACM Press},
  year      = {2007},
  isbn      = {978-1-59593-764-3},
  bibsource = {DBLP, http://dblp.uni-trier.de}
}
