@InProceedings{ansel:pldi:2009,
  title     = "PetaBricks: A Language and Compiler for Algorithmic Choice",
  author    = "Jason Ansel and Cy Chan and Yee Lok Wong and Marek Olszewski and Qin Zhao and Alan Edelman and Saman Amarasinghe",
  booktitle = "PLDI '09",
}

@techreport{msr_PerfOrator,
    author = {Ankush Desai and Kaushik Rajan and and Kapil Vaswani},
    title = {Critical Path based Performance Models for Distributed Queries},
    url = {MSR-TR-2012-121},
    year = {2012}
}

@inproceedings{Agarwal:2012:RDC:2228298.2228327,
 author = {Agarwal, Sameer and Kandula, Srikanth and Bruno, Nicolas and Wu, Ming-Chuan and Stoica, Ion and Zhou, Jingren},
 title = {Re-optimizing data-parallel computing},
 booktitle = {NSDI '12},
}

@INPROCEEDINGS {leather_autofeatgen_cgo09,
    title="Automatic Feature Generation for Machine Learning Based Optimizing Compilation",
    author="Hugh Leather and Edwin Bonilla and Michael O'Boyle",
    booktitle="CGO '09",
    url="http://homepages.inf.ed.ac.uk/hleather/publications/2009_autofeatures_cgo.pdf",
}

@inproceedings {leather_autotuneparallelskeletons_ppl12,
    title="Auto-tuning Parallel Skeletons",
    author="Alexander Collins and Christian Fensch and Hugh Leather",
    journal="Parallel Processing Letters (PPL)",
    year="2012",
    volume="22",
    number="2",
    url="http://homepages.inf.ed.ac.uk/hleather/publications/2012_autotuneparallelskeletons_ppl.pdf",
}

@article {leather_paralleljit_lctes12,
    title="Efficiently Parallelizing Instruction Set Simulation of Embedded Multi-Core Processors Using Region-based Just-in-Time Dynamic Binary Translation",
    author="Stephen Kyle and Igor Bohm and Bjorn Franke and Hugh Leather and Nigel Topham",
    booktitle="LCTES '12",
    url="http://homepages.inf.ed.ac.uk/hleather/publications/2012_paralleljit_lctes.pdf",
}

@article{leather_racedprofiles_lctes09,
    title="Raced Profiles: Efficient Selection of Competing Compiler Optimizations",
    author="Hugh Leather and Michael O'Boyle and Bruce Worton",
    year="2009",
    booktitle="LCTES '09",
    url="http://homepages.inf.ed.ac.uk/hleather/publications/2009_racedprofiles_lctes.pdf",
}

@INPROCEEDINGS{leather_milepostgcc_gccsum08,
    title="MILEPOST GCC: machine learning based research compiler",
    author="Grigori Fursin and Cupertino Miranda and Olivier Temam and Mircea Namolaru and Elad Yom-Tov and Ayal Zaks and Bilha Mendelson and Phil Barnard and Elton Ashton and Eric Courtois and Francois Bodin and Edwin Bonilla and John Thomson and Hugh Leather and Chris Williams and Michael O'Boyle",
    booktitle="GCC Developers' Summit",
    year="2008",
    url="http://homepages.inf.ed.ac.uk/hleather/publications/2008_milepostgcc_gccsummit.pdf",
}

@misc{milepost,
 author = {IBM},
 title = {World's first intelligent, open source compiler provides automated advice on software code optimization},
 url="\url{http://www-03.ibm.com/press/us/en/pressrelease/27874.wss}",
 }

@misc{big_little,
 author = {ARM},
 title = {big.LITTLE Processing},
 url="\url{http://www.arm.com/products/processors/technologies/biglittleprocessing.php}",
 }


@article{Chen:2010,
 author = {Chen, Jilin and Konstan, Joseph A.},
 title = {Conference paper selectivity and impact},
 journal = {Commun. ACM},
 volume = {53},
 number = {6},
 year = {2010},
}

@techreport{epa,
    author = {{U.S. Environmental Protection Agency}},
    title = {{EPA Report to Congress on Server and Data Center Energy Efficiency}},
    url = {http://www.energystar.gov/ia/partners/prod\_development/downloads/EPA\_Datacenter\_Report\_Congress\_Final1.pdf},
    year = {2007}
}

@INPROCEEDINGS{4556714,
author={Ipek, E. and Mutlu, O. and Martinez, J.F. and Caruana, R.},
booktitle={ISCA '08},
title={Self-Optimizing Memory Controllers: A Reinforcement Learning Approach},
}


@article{Esmaeilzadeh:2012,
 author-long = {Esmaeilzadeh, Hadi and Cao, Ting and Yang, Xi and Blackburn, Stephen M. and McKinley, Kathryn S.},
 author= {Esmaeilzadeh, Hadi and Cao, Ting and Yang, Xi and others},
 title = {Looking back and looking forward: power, performance, and upheaval},
 journal = {Commun. ACM},
 volume = {55},
 number = {7},
 year = {2012},
}

@inproceedings{zheng-cgo,
 author = {Emani, Murali Krishna and Wang, Zheng and O'Boyle, Michael},
 title = {Smart, Adaptive Mapping of Parallelism in the Presence of External Workload},
 booktitle = {CGO '13},
}

@inproceedings{Fan:2007,
 author = {Fan, Xiaobo and Weber, Wolf-Dietrich and Barroso, Luiz Andre},
 title = {Power provisioning for a warehouse-sized computer},
 booktitle = {ISCA '07},
}

@inproceedings{Beloglazov:2010,
 author = {Beloglazov, Anton and Buyya, Rajkumar},
 title = {Energy Efficient Resource Management in Virtualized Cloud Data Centers},
 booktitle = {CCGRID '10},
 }

@inproceedings{Raman:2012,
 author = {Raman, Arun and Zaks, Ayal and Lee, Jae W. and August, David I.},
 title = {Parcae: a system for flexible parallel execution},
 booktitle = {PLDI '12},
}


@inproceedings{Winter:2010,
 author = {Winter, Jonathan A. and Albonesi, David H. and Shoemaker, Christine A.},
 title = {Scalable thread scheduling and global power management for heterogeneous many-core architectures},
 booktitle = {PACT '10},
}

@inproceedings{Hsu:2003:DIE:781131,
 author = {Hsu, Chung-Hsing and Kremer, Ulrich},
 title = {The design, implementation, and evaluation of a compiler algorithm for CPU energy reduction},
 booktitle = {PLDI '03},
}

@INPROCEEDINGS{5992548,
author={Indumathi, G. and Ramakrishnan, K.V.},
booktitle={IEEE Computer Society Annual Symposium on VLSI (ISVLSI)},
title={Study and Analysis of Power Optimization Techniques for Embedded Systems},
year={2011},
}

@inproceedings{Park:2011:EDM:2038698.2038711,
 author = {Park, Eunjung and Kulkarni, Sameer and Cavazos, John},
 title = {An evaluation of different modeling techniques for iterative compilation},
 booktitle = {CASES '11},
}

@article{active-learning,
  author    = {David A. Cohn and
               Zoubin Ghahramani and
               Michael I. Jordan},
  title     = {Active Learning with Statistical Models},
  journal   = {CoRR},
  year      = {1996},
}

@inproceedings{raced-profiles,
 author = {Leather, Hugh and O'Boyle, Michael and Worton, Bruce},
 title = {Raced profiles: efficient selection of competing compiler optimizations},
 booktitle = {LCTES '09},
}

@inproceedings{Grewe:2011,
author = {Grewe, Dominik and Wang, Zheng and O'Boyle, Michael F. P.},
title = {A workload-aware mapping approach for data-parallel programs},
booktitle = {HiPEAC '11},
}

@INPROCEEDINGS{5375318,
author={Chi-Keung Luk and Sunpyo Hong and Hyesoon Kim},
booktitle={MICRO '09},
title={Qilin: Exploiting parallelism on heterogeneous multiprocessors with adaptive mapping},
}

@inproceedings{Agakov:2006,
 author-long = {Agakov, F. and Bonilla, E. and Cavazos, J. and Franke, B. and Fursin, G. and O'Boyle, M. F. P. and Thomson, J. and Toussaint, M. and Williams, C. K. I.},
 author = {Agakov, F. and O'Boyle, M. F. P. and others},
 title = {Using Machine Learning to Focus Iterative Optimization},
 booktitle = {CGO '06},
}

@inproceedings{Zhang:2010,
 author = {Zhang, Eddy Z. and Jiang, Yunlian and Shen, Xipeng},
 title = {Does cache sharing on modern CMP matter to the performance of contemporary multithreaded programs?},
 booktitle = {PPoPP '10},
}


@inproceedings{Cong:2012,
 author = {Cong, Jason and Yuan, Bo},
 title = {Energy-efficient scheduling on heterogeneous multi-core architectures},
 booktitle = {ISLPED '12},
}

@INPROCEEDINGS{5375327,
author={Dubach, C. and Jones, T.M. and Bonilla, E.V. and Fursin, G. and O'Boyle, M.F.P.},
booktitle={MICRO '09},
title={Portable compiler optimisation across embedded programs and microarchitectures using machine learning},
}

@inproceedings{Wang-pact,
 author = {Wang, Zheng and O'Boyle, Michael F.P.},
 title = {Partitioning streaming parallelism for multi-cores: a machine learning based approach},
 booktitle = {PACT '10},
}

@inproceedings{Tournavitis:2009,
 author = {Tournavitis, Georgios and Wang, Zheng and Franke, Bj\"{o}rn and O'Boyle, Michael F.P.},
 title = {Towards a holistic approach to auto-parallelization: integrating profile-driven parallelism detection and machine-learning based mapping},
 booktitle = {PLDI '09},
}


@inproceedings{Lee:2010,
 author-long = {Lee, Victor W. and Kim, Changkyu and Chhugani, Jatin and Deisher, Michael and Kim, Daehyun and Nguyen, Anthony D. and Satish, Nadathur and Smelyanskiy, Mikhail and Chennupaty, Srinivas and Hammarlund, Per and Singhal, Ronak and Dubey, Pradeep},
 author = {Lee, Victor W. and Kim, Changkyu and others},
 title = {Debunking the 100X GPU vs. CPU myth: an evaluation of throughput computing on CPU and GPU},
 booktitle = {ISCA '10},
}

@inproceedings{cc11grewe,
author = {Grewe, Dominik and Wang, Zheng and O'Boyle, Michael F.P.},
title = {Portable Mapping of Data Parallel Programs to OpenCL for Heterogeneous Systems},
booktitle = {CGO '13},
year = {2013},
}

@ARTICLE{4550857,
author={Bower, F.A. and Sorin, D.J. and Cox, L.P.},
journal={IEEE Micro},
title={The Impact of Dynamically Heterogeneous Multicore Processors on Thread Scheduling},
year={2008},
}


@inproceedings{Stephenson:2003,
 author = {Stephenson, Mark and Amarasinghe, Saman and Martin, Martin and O'Reilly, Una-May},
 title = {Meta optimization: improving compiler heuristics with machine learning},
 booktitle = {PLDI '03},
}


@inproceedings{fursin:inria,
    title = {{MILEPOST GCC: machine learning based research compiler}},
    author-long = {Fursin, Grigori and Miranda, Cupertino and Temam, Olivier and Namolaru, Mircea and Yom-Tov, Elad and Zaks, Ayal and Mendelson, Bilha and Bonilla, Edwin and Thomson, John and Leather, Hugh and Williams, Chris and O'Boyle, Michael and Barnard, Phil and Ashton, Elton and Courtois, Eric and Bodin, Fran{\c c}ois},
    author = {Fursin, Grigori and Leather, Hugh and O'Boyle, Michael and others},
    booktitle = {{GCC Summit} '08},
}

@inproceedings{luo:inria,
    title = {{Finding representative sets of optimizations for adaptive multiversioning applications}},
    author-long = {Luo, Lianjie and Chen, Yang and Wu, Chengyong and Long, Shun and Fursin, Grigori},
    author = {Luo, Lianjie and Chen, Yang and Wu, Chengyong and others},
    booktitle = {{SMART Workshop '09}},
}

@incollection{Fursin:2007,
 author = {Fursin, Grigori and Cohen, Albert and O'Boyle, Michael and Temam, Olivier},
 chapter = {Quick and Practical Run-Time Evaluation of Multiple Program Optimizations},
 title = {Transactions of HiPEAC},
 year = {2007},
}

@inproceedings{gcc-dvs,
    Title = {{Evaluating power aware optimizations within GCC compiler}},
    author-long = {Zhurikhin, Dmitry and Belevantsev, Andrey and Avetisyan, Arutyun and Batuzov, Kirill and Lee, Semun},
    author = {Zhurikhin, Dmitry and Belevantsev, Andrey and others},
    booktitle = {{International Workshop on GCC Research Opportunities}},
}

@ARTICLE{5953582,
author={Chen-Wei Huang and Shiao-Li Tsao},
journal={IEEE Transactions on Computers},
title={Minimizing Energy Consumption of Embedded Systems via Optimal Code Layout},
year={2012},
}
